<?xml version="1.0" encoding="UTF-8"?><record xmlns="http://www.loc.gov/MARC21/slim" xmlns:cinclude="http://apache.org/cocoon/include/1.0" xmlns:zs="http://www.loc.gov/zing/srw/">
  <leader>00317nz  a2200121n  4500</leader>
  <controlfield tag="001">nr2002010273</controlfield>
  <controlfield tag="003">DLC</controlfield>
  <controlfield tag="005">20020313033121.0</controlfield>
  <controlfield tag="008">020312n| acannaabn          |n aaa     c</controlfield>
  <datafield tag="010" ind1=" " ind2=" ">
    <subfield code="a">nr2002010273</subfield>
  </datafield>
  <datafield tag="040" ind1=" " ind2=" ">
    <subfield code="a">NIC</subfield>
    <subfield code="b">eng</subfield>
    <subfield code="c">NIC</subfield>
  </datafield>
  <datafield tag="100" ind1="0" ind2=" ">
    <subfield code="a">Khánh Châm</subfield>
  </datafield>
  <datafield tag="670" ind1=" " ind2=" ">
    <subfield code="a">Miệng lưỡi thế gian, 2001:</subfield>
    <subfield code="b">t.p. (Khánh Châm)</subfield>
  </datafield>
</record>